@conference{arianfar2012,
    author = {Arianfar, Somaya},
    title = {TCP's Congestion Control Implementation in Linux Kernel},
    booktitle = {Proceedings of Seminar on Network Protocols in Operating Systems},
    year = {2012},
}
